<record><leader>00000cas a22000007a 4500</leader><controlfield tag="001">12402042</controlfield><controlfield tag="008">850820d18661909gauwr ne      0    0eng d</controlfield><datafield ind1=" " ind2=" " tag="010"><subfield code="a">sn 85034082 </subfield></datafield><datafield ind1=" " ind2=" " tag="040"><subfield code="a">NPU</subfield><subfield code="b">eng</subfield><subfield code="c">NPU</subfield><subfield code="d">NLG</subfield><subfield code="d">GUA</subfield><subfield code="d">OCLCQ</subfield><subfield code="d">OCLCF</subfield><subfield code="d">OCLCO</subfield></datafield><datafield ind1="1" ind2=" " tag="029"><subfield code="a">AU@</subfield><subfield code="b">000025838046</subfield></datafield><datafield ind1=" " ind2=" " tag="042"><subfield code="a">msc</subfield></datafield><datafield ind1=" " ind2=" " tag="043"><subfield code="a">n-us-ga</subfield></datafield><datafield ind1="0" ind2=" " tag="130"><subfield code="a">Marietta journal (Marietta, Ga. : 1866)</subfield></datafield><datafield ind1="1" ind2="4" tag="245"><subfield code="a">The Marietta journal.</subfield></datafield><datafield ind1=" " ind2=" " tag="260"><subfield code="a">Marietta, Ga. :</subfield><subfield code="b">R.M. Goodman &amp; Co.,</subfield><subfield code="c">[1866]-1909.</subfield></datafield><datafield ind1=" " ind2=" " tag="300"><subfield code="a">v. ;</subfield><subfield code="c">65 cm.</subfield></datafield><datafield ind1=" " ind2=" " tag="310"><subfield code="a">Weekly</subfield></datafield><datafield ind1="1" ind2=" " tag="362"><subfield code="a">Began in 1866.</subfield></datafield><datafield ind1="0" ind2=" " tag="362"><subfield code="a">-v. 43, no. 34 (Aug. 26, 1909).</subfield></datafield><datafield ind1=" " ind2=" " tag="580"><subfield code="a">Merged with: Marietta courier, to form: Marietta journal and courier.</subfield></datafield><datafield ind1=" " ind2=" " tag="588"><subfield code="a">Description based on: Vol. 2, no. 37 (Sept. 18, 1868).</subfield></datafield><datafield ind1=" " ind2="0" tag="651"><subfield code="a">Marietta (Ga.)</subfield><subfield code="v">Newspapers.</subfield></datafield><datafield ind1=" " ind2="0" tag="651"><subfield code="a">Cobb County (Ga.)</subfield><subfield code="v">Newspapers.</subfield></datafield><datafield ind1=" " ind2="7" tag="655"><subfield code="a">Newspapers.</subfield><subfield code="2">fast</subfield><subfield code="0">(OCoLC)fst01423814</subfield></datafield><datafield ind1=" " ind2="7" tag="651"><subfield code="a">Georgia</subfield><subfield code="z">Cobb County.</subfield><subfield code="2">fast</subfield><subfield code="0">(OCoLC)fst01211778</subfield></datafield><datafield ind1=" " ind2="7" tag="651"><subfield code="a">Georgia</subfield><subfield code="z">Marietta.</subfield><subfield code="2">fast</subfield><subfield code="0">(OCoLC)fst01216834</subfield></datafield><datafield ind1=" " ind2=" " tag="752"><subfield code="a">United States</subfield><subfield code="b">Georgia</subfield><subfield code="c">Cobb</subfield><subfield code="d">Marietta.</subfield></datafield><datafield ind1="1" ind2="7" tag="785"><subfield code="t">Marietta courier</subfield><subfield code="w">(DLC)sn 91099177</subfield><subfield code="w">(OCoLC)24632189</subfield></datafield><datafield ind1="1" ind2="7" tag="785"><subfield code="t">Marietta journal and courier</subfield><subfield code="w">(DLC)sn 89053964</subfield><subfield code="w">(OCoLC)21278095</subfield></datafield></record>